@article{birkedal2012first,
  title={First steps in synthetic guarded domain theory: step-indexing in the topos of trees},
  author={Birkedal, Lars and M{\o}gelberg, Rasmus Ejlers and Schwinghammer, Jan and St{\o}vring, Kristian},
  journal={Logical Methods in Computer Science},
  volume={8},
  year={2012},
  publisher={Episciences. org}
}

@inproceedings{plotkin2002notions,
  title={Notions of computation determine monads},
  author={Plotkin, Gordon and Power, John},
  booktitle={International Conference on Foundations of Software Science and Computation Structures},
  pages={342--356},
  year={2002},
  organization={Springer}
}

@book{ahmed2004semantics,
  title={Semantics of types for mutable state},
  author={Ahmed, Amal Jamil},
  year={2004},
  publisher={Princeton University}
}

@article{plotkin2013handling,
  title={Handling algebraic effects},
  author={Plotkin, Gordon D and Pretnar, Matija},
  journal={Logical methods in computer science},
  volume={9},
  year={2013},
  publisher={Episciences. org}
}

@article{dongol2016convolution,
  title={Convolution as a unifying concept: Applications in separation logic, interval calculi, and concurrency},
  author={Dongol, Brijesh and Hayes, Ian J and Struth, Georg},
  journal={ACM Transactions on Computational Logic (TOCL)},
  volume={17},
  number={3},
  pages={1--25},
  year={2016},
  publisher={ACM New York, NY, USA}
}

@article{moggi1991notions,
  title={Notions of computation and monads},
  author={Moggi, Eugenio},
  journal={Information and computation},
  volume={93},
  number={1},
  pages={55--92},
  year={1991},
  publisher={Elsevier}
}

@inproceedings{cousot1979systematic,
  title={Systematic design of program analysis frameworks},
  author={Cousot, Patrick and Cousot, Radhia},
  booktitle={Proceedings of the 6th ACM SIGACT-SIGPLAN symposium on Principles of programming languages},
  pages={269--282},
  year={1979}
}


@book{pierce2002types,
  title={Types and programming languages},
  author={Pierce, Benjamin C},
  year={2002},
  publisher={MIT press}
}

@article{smyth1982category,
  title={The category-theoretic solution of recursive domain equations},
  author={Smyth, Michael B and Plotkin, Gordon D},
  journal={SIAM Journal on Computing},
  volume={11},
  number={4},
  pages={761--783},
  year={1982},
  publisher={SIAM}
} 

@inproceedings{heunen2017convenient,
  title={A convenient category for higher-order probability theory},
  author={Heunen, Chris and Kammar, Ohad and Staton, Sam and Yang, Hongseok},
  booktitle={2017 32nd Annual ACM/IEEE Symposium on Logic in Computer Science (LICS)},
  pages={1--12},
  year={2017},
  organization={IEEE}
}

@article{aumann1961borel,
  title={Borel structures for function spaces},
  author={Aumann, Robert J},
  journal={Illinois Journal of Mathematics},
  volume={5},
  number={4},
  pages={614--630},
  year={1961},
  publisher={Duke University Press}
}

@article{li2023lilac,
  title={Lilac: a modal separation logic for conditional probability},
  author={Li, John M and Ahmed, Amal and Holtzen, Steven},
  journal={Proceedings of the ACM on Programming Languages},
  volume={7},
  number={PLDI},
  pages={148--171},
  year={2023},
  publisher={ACM New York, NY, USA}
}

@article{biering2007bi,
  title={BI-hyperdoctrines, higher-order separation logic, and abstraction},
  author={Biering, Bodil and Birkedal, Lars and Torp-Smith, Noah},
  journal={ACM Transactions on Programming Languages and Systems (TOPLAS)},
  volume={29},
  number={5},
  pages={24--es},
  year={2007},
  publisher={ACM New York, NY, USA}
}

@book{scott1971toward,
  title={Toward a mathematical semantics for computer languages},
  author={Scott, Dana and Strachey, Christopher},
  volume={1},
  year={1971},
  publisher={Oxford University Computing Laboratory, Programming Research Group Oxford}
}

@article{plotkin1977lcf,
  title={LCF considered as a programming language},
  author={Plotkin, Gordon D.},
  journal={Theoretical computer science},
  volume={5},
  number={3},
  pages={223--255},
  year={1977},
  publisher={Elsevier}
}

@inproceedings{staton2017commutative,
  title={Commutative semantics for probabilistic programming},
  author={Staton, Sam},
  booktitle={European Symposium on Programming},
  pages={855--879},
  year={2017},
  organization={Springer}
}

@article{wand2018contextual,
  title={Contextual equivalence for a probabilistic language with continuous random variables and recursion},
  author={Wand, Mitchell and Culpepper, Ryan and Giannakopoulos, Theophilos and Cobb, Andrew},
  journal={Proceedings of the ACM on Programming Languages},
  volume={2},
  number={ICFP},
  pages={1--30},
  year={2018},
  publisher={ACM New York, NY, USA}
}

@book{crole1993categories,
  title={Categories for types},
  author={Crole, Roy L},
  year={1993},
  publisher={Cambridge University Press}
}

@book{mac1998categories,
  title={Categories for the working mathematician},
  author={Mac Lane, Saunders},
  volume={5},
  year={1998},
  publisher={Springer Science \& Business Media}
}

@inproceedings{reynolds1991coherence,
  title={The coherence of languages with intersection types},
  author={Reynolds, John C},
  booktitle={International Symposium on Theoretical Aspects of Computer Software},
  pages={675--700},
  year={1991},
  organization={Springer}
}

@article{martin1996meanings,
  title={On the meanings of the logical constants and the justifications of the logical laws},
  author={Martin-L{\"o}f, Per},
  journal={Nordic journal of philosophical logic},
  volume={1},
  number={1},
  pages={11--60},
  year={1996}
}

@inproceedings{reynolds1983types,
  title={Types, abstraction and parametric polymorphism},
  author={Reynolds, John C},
  booktitle={Information Processing 83, Proceedings of the IFIP 9th World Computer Congres},
  pages={513--523},
  year={1983}
}
